@inproceedings{Deriu:2016,
  author={Deriu, Jan and Gonzenbach, Maurice and Uzdilli, Fatih and Lucchi, Aurelien and De Luca, Valeria and Jaggi, Martin},
  title={SwissCheese at SemEval-2016 Task 4: Sentiment classification using an ensemble of convolutional neural networks with distant supervision},
  booktitle={Proceedings of the 10th International Workshop on Semantic Evaluation (SemEval-2016)},
  pages= {1124--1128},
  year={2016},
  publisher={Association for Computational Linguistics}
}

@inproceedings{Ding:2008,
  title={A holistic lexicon-based approach to opinion mining},
  author={Ding, Xiaowen and Liu, Bing and Yu, Philip S},
  booktitle={Proceedings of the 2008 international conference on web search and data mining},
  pages={231--240},
  year={2008},
  organization={Association for Computing Machinery}
}

@inproceedings{Hu:2004,
  title={Mining and summarizing customer reviews},
  author={Hu, Minqing and Liu, Bing},
  booktitle={Proceedings of the tenth ACM SIGKDD international conference on Knowledge discovery and data mining},
  pages={168--177},
  year={2004},
  organization={Association for Computing Machinery}
}

@inproceedings{Tackstrom:2011,
  title={Discovering fine-grained sentiment with latent variable structured prediction models},
  author={T{\"a}ckstr{\"o}m, Oscar and McDonald, Ryan},
  booktitle={In Proceedings of the 33rd European Conference on Advances in Information Retrieval},
  pages={368--374},
  year={2011},
  publisher={Springer}
}

@inproceedings{Strapparava:2007,
  title={Semeval-2007 task 14: Affective text},
  author={Strapparava, Carlo and Mihalcea, Rada},
  booktitle={Proceedings of the 4th International Workshop on Semantic Evaluations},
  pages={70--74},
  year={2007},
  organization={Association for Computational Linguistics}
}

@inproceedings{Balahur:2013,
  title={Sentiment analysis in the news},
  author={Balahur, Alexandra and Steinberger, Ralf and Kabadjov, Mijail and Zavarella, Vanni and Van Der Goot, Erik and Halkia, Matina and Pouliquen, Bruno and Belyaeva, Jenya},
  booktitle={Proceedings of the 7th International Conference on Language Resources and Evaluation},
  year={2013},
  pages={2216-2220},
  publisher={European Language Resources Association}
}

@article{Wiebe:2005,
  title={Annotating expressions of opinions and emotions in language},
  author={Wiebe, Janyce and Wilson, Theresa and Cardie, Claire},
  journal={Language resources and evaluation},
  volume={39},
  number={2-3},
  pages={165--210},
  year={2005},
  publisher={Springer}
}

@article{Narr:2012,
  title={Language-independent twitter sentiment analysis},
  author={Narr, Sascha and Hulfenhaus, Michael and Albayrak, Sahin},
  journal={Knowledge Discovery and Machine Learning (KDML), LWA},
  pages={12--14},
  year={2012}
}

@inproceedings{Pan:2010,
  title={Cross-domain sentiment classification via spectral feature alignment},
  author={Pan, Sinno Jialin and Ni, Xiaochuan and Sun, Jian-Tao and Yang, Qiang and Chen, Zheng},
  booktitle={Proceedings of the 19th International Conference on World Wide Web},
  pages={751--760},
  year={2010},
  organization={Association for Computing Machinery}
}

@ARTICLE{Bollegala:2016, 
  author={Bollegala, Danushka and Mu, Tingting and Goulermas, John Yanis}, 
  journal={IEEE Transactions on Knowledge and Data Engineering}, 
  title={Cross-Domain Sentiment Classification Using Sentiment Sensitive Embeddings}, 
  year={2016}, 
  volume={28}, 
  number={2}, 
  pages={398-410}
}

@article{go2009twitter,
	title={Twitter sentiment classification using distant supervision},
	author={Go, Alec and Bhayani, Richa and Huang, Lei},
	journal={CS224N Project Report, Stanford},
	volume={1},
	pages={12},
	year={2009}
}

@article{Pang:2008,
  title={Opinion mining and sentiment analysis},
  author={Pang, Bo and Lee, Lillian},
  journal={Foundations and trends in information retrieval},
  volume={2},
  number={1-2},
  pages={1--135},
  year={2008},
  publisher={Now Publishers Inc.}
}

@mastersthesis{Deriu:2016:MS,
  title={Sentiment Analysis using Deep Convolutional Neural Networks with Distant Supervision},
  author={Deriu, Jan},
  year={2016},
  school={Eidgen\"ossisch Technische Hochschule ETH},
  address={ZÃ¼rich}
}

@inproceedings{cieliebak2013potential,
  title={Potential and Limitations of Commercial Sentiment Detection Tools.},
  author={Cieliebak, Mark and D{\"u}rr, Oliver and Uzdilli, Fatih},
  booktitle={ESSEM@ AI* IA},
  pages={47--58},
  year={2013},
  organization={Citeseer}
}

@inproceedings{Zhang:2015,
  title={Character-level convolutional networks for text classification},
  author={Zhang, Xiang and Zhao, Junbo and LeCun, Yann},
  booktitle={Advances in Neural Information Processing Systems},
  pages={649--657},
  year={2015}
}

@inproceedings{SemEval:2016:task4,
  author    = {Preslav Nakov and Alan Ritter and Sara Rosenthal and Veselin Stoyanov and Fabrizio Sebastiani},
  title     = {{SemEval}-2016 Task 4: Sentiment Analysis in {T}witter},
  booktitle = {Proceedings of the 10th International Workshop on Semantic Evaluation},
  series    = {SemEval '16},
  month     = jun,
  year      = {2016},
  address   = {San Diego, California},
  publisher = {Association for Computational Linguistics},
}

@ARTICLE{theanoCitShort,
   author = {Theano Development Team},
    title = "{Theano: A {Python} framework for fast computation of mathematical expressions}",
  journal = {arXiv e-prints},
   volume = {abs/1605.02688},
 primaryClass = "cs.SC",
 keywords = {Computer Science - Symbolic Computation, Computer Science - Learning, Computer Science - Mathematical Software},
     year = 2016,
    month = may,
      url = {http://arxiv.org/abs/1605.02688},
}

@article{maaten2008visualizing,
  title={Visualizing data using t-SNE},
  author={Maaten, Laurens van der and Hinton, Geoffrey},
  journal={Journal of Machine Learning Research},
  volume={9},
  number={Nov},
  pages={2579--2605},
  year={2008}
}

@article{zeiler2012adadelta,
	title={ADADELTA: an adaptive learning rate method},
	author={Zeiler, Matthew D},
	journal={arXiv preprint arXiv:1212.5701},
	year={2012}
}

@article{srivastava2014dropout,
	title={Dropout: a simple way to prevent neural networks from overfitting.},
	author={Srivastava, Nitish and Hinton, Geoffrey E and Krizhevsky, Alex and Sutskever, Ilya and Salakhutdinov, Ruslan},
	journal={Journal of Machine Learning Research},
	volume={15},
	number={1},
	pages={1929--1958},
	year={2014}
}

@inproceedings{pennington2014glove,
	author = {Jeffrey Pennington, Richard Socher and Christopher D. Manning},
	booktitle = {Empirical Methods in Natural Language Processing (EMNLP)},
	title = {GloVe: Global Vectors for Word Representation},
	year = {2014},
	pages = {1532--1543},
	url = {http://www.aclweb.org/anthology/D14-1162},
}

@inproceedings{mikolov2013distributed,
	title={Distributed representations of words and phrases and their compositionality},
	author={Mikolov, Tomas and Sutskever, Ilya and Chen, Kai and Corrado, Greg S and Dean, Jeff},
	booktitle={Advances in neural information processing systems},
	pages={3111--3119},
	year={2013}
}

@inproceedings{Severyn:2015kta,
  author = {Severyn, Aliaksei and Moschitti, Alessandro},
  title = {{Twitter Sentiment Analysis with Deep Convolutional Neural Networks}},
  booktitle = {Proceedings of the 38th International ACM SIGIR Conference on Research and Development in Information Retrieval},
  year = {2015},
  pages = {959--962},
  publisher = {Association for Computing Machinery}
}
